@ieeetranbstctl{IEEEexample:BSTcontrol,
    ctluse_forced_etal = {yes},
    ctlmax_names_forced_etal = {3},
    ctlnames_show_etal = {2}
}
@misc{angular-features,
    note = {letzter Zugriff am 9. Februar 2022},
    author = {{Angular Team}},
    title = {{FEATURES \& BENEFITS}},
    url = {https://angular.io/features},
    year = {2022}
}
@misc{VueJSContribution,
    note = {letzter Zugriff am 9. Februar 2022},
    author = {{Association for Progressive Communications}},
    title = {{Wireless technology is irreplaceable for providing access in remote and scarcely populated regions}},
    url = {https://github.com/vuejs/core/graphs/contributors},
    year = {2022}
}
@misc{what-is-angular,
    note = {letzter Zugriff am 9. Februar 2022},
    author = {{Angular Team}},
    title = {{What is Angular?}},
    url = {https://angular.io/guide/what-is-angular},
    year = {2022}
}
@misc{angular-design-patterns,
    note = {letzter Zugriff am 10. März 2022},
    author = {{Angular-Enterprise.com}},
    title = {{Design patterns to know in Angular}},
    url = {https://angular-enterprise.com/en/ngpost/courses/design-patterns/},
    year = {2022}
}
@misc{best-frontend-frameworks,
    note = {letzter Zugriff am 14. März 2022},
    author = {{Adarsh Tripathi}},
    title = {{Best Front End Frameworks for Web Development of 2021: The Complete Guide}},
    url = {https://medium.com/geekculture/best-front-end-frameworks-for-web-development-of-2021-the-complete-guide-ec30098fd1d0},
    year = {2021}
}
@misc{best-frontend-framework-2022,
    note = {letzter Zugriff am 14. März 2022},
    author = {{Natallia Sakovich}},
    title = {{Top Most Popular Frontend Frameworks 2022}},
    url = {https://www.sam-solutions.com/blog/best-frontend-framework/},
    year = {2021}
}
@misc{truck-factor-of-popular-github-projects,
    note = {letzter Zugriff am 15. März 2022},
    author = {{Guilherme Avelino, Marco Tulio Valente, Andre Hora}},
    title = {{What is the Truck Factor of popular GitHub applications? A first assessment}},
    url = {https://peerj.com/preprints/1233v3/},
    year = {2017}
}
@misc{what-is-the-bus-factor,
    note = {letzter Zugriff am 14. März 2022},
    author = {{Sebastien Dubois}},
    title = {{What’s the bus factor and 7 ways to increase it}},
    url = {https://medium.com/management-matters/whats-the-bus-factor-of-your-team-and-how-to-increase-it-8bdfb63361fc},
    year = {2020}
}
@misc{angular-vs-react-vs-vue,
    note = {letzter Zugriff am 14. März 2022},
    author = {{Aris Pattakos}},
    title = {{Angular vs React vs Vue 2022}},
    url = {https://athemes.com/guides/angular-vs-react-vs-vue/},
    year = {2022}
}
@misc{angular-react-vue-stats,
    note = {letzter Zugriff am 16. März 2022},
    author = {{John Potter}},
    title = {{@angular/core vs react vs vue}},
    url = {https://www.npmtrends.com/@angular/core-vs-react-vs-vue},
    year = {2022}
}
@misc{about-node-js,
    note = {letzter Zugriff am 17. März 2022},
    author = {{Node.js}},
    title = {{About Node.js®}},
    url = {https://nodejs.org/en/about/}
}
@misc{microsoft-acquires-github,
    note = {letzter Zugriff am 16. März 2022},
    author = {{Paul Sawers}},
    title = {{Microsoft confirms it will acquire GitHub for \$7.5 billion}},
    url = {https://venturebeat.com/2018/06/04/microsoft-confirms-it-will-acquire-github-for-7-5-billion/},
    year = {2018}
}
@misc{what-is-typescript,
    note = {letzter Zugriff am 16. März 2022},
    author = {{TypeScript Tutorial Website}},
    title = {{What is TypeScript}},
    url = {https://www.typescripttutorial.net/typescript-tutorial/what-is-typescript/},
    year = {2022}
}
@misc{typescript-landing-page,
    note = {letzter Zugriff am 16. März 2022},
    title = {{TypeScript is JavaScript with syntax for types.}},
    url = {https://www.typescriptlang.org/},
    year = {2022}
}
@misc{versionierung,
    note = {letzter Zugriff am 17. März 2022},
    author = {Carolin Ostendarp},
    title = {{Versionierung von Dokumenten: So behalten Sie den Überblick über Stand und Status Ihrer Dokumente!}},
    url = {https://www.d-velop.de/blog/prozesse-gestalten/versionierung-von-dokumenten-behalten-sie-den-ueberblick/},
    year = {2018}
}
@misc{semantische-versionierung,
    note = {letzter Zugriff am 18. März 2022},
    author = {Tom Preston-Werner},
    title = {{Semantic Versioning}},
    url = {https://semver.org/},
    year = {2022}
}
@misc{git-workflow,
    note = {letzter Zugriff am 17. März 2022},
    author = {Evan Will},
    title = {{Basic Git Workflow}},
    url = {https://uidaholib.github.io/get-git/3workflow.html},
    year = {2017}
}
@misc{stackoverflow-git-survey,
    note = {letzter Zugriff am 14. März 2022},
    author = {Stack Overflow},
    title = {{Developer Survey Results 2018}},
    url = {https://insights.stackoverflow.com/survey/2018/\#work-_-version-control},
    year = {2018}
}
@misc{github-features,
    note = {letzter Zugriff am 15. März 2022},
    author = {GitHub Inc.},
    title = {{The tools you need to build what you want.}},
    url = {https://github.com/features},
    year = {2022}
}
@misc{github-create-project,
    note = {letzter Zugriff am 16. März 2022},
    author = {GitHub Inc.},
    title = {{Create a new project}},
    url = {https://github.com/new/project},
    year = {2022}
}
@misc{github-issues,
    note = {letzter Zugriff am 16. März 2022},
    author = {GitHub Inc.},
    title = {{About Issues}},
    url = {https://docs.github.com/en/issues/tracking-your-work-with-issues/about-issues},
    year = {2022}
}
@misc{github-issue-automation,
    note = {letzter Zugriff am 16. März 2022},
    author = {GitHub Inc.},
    title = {{Linking a pull request to an issue}},
    url = {https://docs.github.com/en/issues/tracking-your-work-with-issues/linking-a-pull-request-to-an-issue},
    year = {2022}
}
@misc{angular-material-predefined-themes,
    note = {letzter Zugriff am 23. März 2022},
    author = {Angular Team},
    title = {{Theming Angular Material}},
    url = {https://material.angular.io/guide/theming\#using-a-pre-built-theme},
    year = {2022}
}
@misc{angular-material-component-overview,
    note = {letzter Zugriff am 23. März 2022},
    author = {Angular Team},
    title = {{Overview of Angular Material Components}},
    url = {https://material.angular.io/components/categories},
    year = {2022}
}
@misc{angular-material-with-angular,
    note = {letzter Zugriff am 23. März 2022},
    author = {Stefan Jeglorz},
    title = {{MATERIAL DESIGN IN EINER ANGULAR APP}},
    url = {https://devware.de/blog-fachartikel-material-design-angular-app/},
    year = {2020}
}
@misc{angular-material-description,
    note = {letzter Zugriff am 23. März 2022},
    author = {Michel Kaluza},
    title = {{Angular Material Modernes Design für Angular Anwendungen}},
    url = {https://dev-supp.de/programmierung/angular-net/angular-material},
    year = {2021}
}
@misc{mapbox-open-source,
    note = {letzter Zugriff am 24. März 2022},
    author = {NPM},
    title = {{mapbox-gl}},
    url = {https://www.npmjs.com/package/mapbox-gl/v/2.0.0},
    year = {2022}
}@misc{osm-customers-1,
     note = {letzter Zugriff am 24. März 2022},
     author = {Corey Dickinson},
     title = {{Inside the 'Wikipedia of Maps,' Tensions Grow Over Corporate Influence}},
     url = {https://www.bloomberg.com/news/articles/2021-02-19/openstreetmap-charts-a-controversial-new-direction},
     year = {2021}
}
@misc{osm-customers-2,
    note = {letzter Zugriff am 24. März 2022},
    author = {S4WRXTTCS},
    title = {{OpenStreetMaps and Smart Summon}},
    url = {https://teslamotorsclub.com/tmc/threads/openstreetmaps-and-smart-summon.170675/},
    year = {2019}
}
@misc{leaflet-doc,
    note = {letzter Zugriff am 24. März 2022},
    author = {Vladimir Agafonkin},
    title = {{Leaflet - an open-source JavaScript library for mobile-friendly interactive maps}},
    url = {https://leafletjs.com/},
    year = {2022}
}
@misc{google-maps-vs-osm,
    note = {letzter Zugriff am 24. März 2022},
    author = {The Geospatial},
    title = {{How are Google Maps different from OpenStreetMap?}},
    url = {https://medium.com/@thegeospatialnews/how-are-google-maps-different-from-openstreetmap-bc65f704cdab},
    year = {2020}
}
@misc{rendering-engine-ivy,
    note = {letzter Zugriff am 24. März 2022},
    author = {Maria Korneeva},
    title = {{From View Engine to Ivy: Rendering in Angular}},
    url = {https://browserperson.medium.com/from-view-engine-to-ivy-rendering-in-angular-a81d9eb8199b},
    year = {2020}
}
@misc{incremental-dom,
    note = {letzter Zugriff am 24. März 2022},
    author = {Victor Savkin},
    title = {{Understanding Angular Ivy: Incremental DOM and Virtual DOM}},
    url = {https://blog.nrwl.io/understanding-angular-ivy-incremental-dom-and-virtual-dom-243be844bf36},
    year = {2019}
}

@misc{ssh,
    note = {letzter Zugriff am 25. März 2022},
    author = {SSH.COM},
    title = {{SSH (Secure Shell) Home Page}},
    url = {https://www.ssh.com/academy/ssh},
    year = {2021}
}
@misc{ssh-keys,
    note = {letzter Zugriff am 25. März 2022},
    author = {SSH.COM},
    title = {{SSH Protocol – Secure Remote Login and File Transfer}},
    url = {https://www.ssh.com/academy/ssh/protocol},
    year = {2021}
}
@misc{firebase-hosting,
    note = {letzter Zugriff am 24. März 2022},
    author = {Firebase Team},
    title = {{Firebase Hosting}},
    url = {https://firebase.google.com/docs/hosting},
    year = {2022}
}
@misc{firebase-pricing,
    note = {letzter Zugriff am 25. März 2022},
    author = {Firebase Team},
    title = {{Firebase Pricing}},
    url = {https://firebase.google.com/pricing},
    year = {2022}
}
@misc{firebase,
    note = {letzter Zugriff am 24. März 2022},
    author = {Firebase Team},
    title = {{Learn about Build products}},
    url = {https://firebase.google.com/docs/build},
    year = {2021}
}
@misc{jenkins-github,
    note = {letzter Zugriff am 13. März 2022},
    author = {Jenkins Team},
    title = {{jenkinsci/jenkins: Jenkins automation server}},
    url = {https://github.com/jenkinsci/jenkins},
    year = {2022}
}
@misc{jenkins-dockerhub,
    note = {letzter Zugriff am 13. März 2022},
    author = {Jenkins Team},
    title = {{jenkins/jenkins - Docker Image}},
    url = {https://hub.docker.com/r/jenkins/jenkins},
    year = {2022}
}
@misc{jenkins-jenkinsfile,
    note = {letzter Zugriff am 13. März 2022},
    author = {Jenkins Team},
    title = {{Using a Jenkinsfile}},
    url = {https://www.jenkins.io/doc/book/pipeline/jenkinsfile/},
    year = {2022}
}
@misc{github-actions,
    note = {letzter Zugriff am 25. März 2022},
    author = {GitHub Team},
    title = {{Understanding GitHub Actions}},
    url = {https://docs.github.com/en/actions/learn-github-actions/understanding-github-actions},
    year = {2022}
}
@misc{github-secrets,
    note = {letzter Zugriff am 19. März 2022},
    author = {GitHub Team},
    title = {{Encrypted secrets}},
    url = {https://docs.github.com/en/actions/security-guides/encrypted-secrets},
    year = {2022}
}
@misc{expressjs,
    note = {letzter Zugriff am 24. März 2022},
    author = {OpenJS Foundation},
    title = {{Express - Fast, unopinionated, minimalist web framework for Node.js}},
    url = {https://expressjs.com},
    year = {2022}
}
@misc{node-tar,
    note = {letzter Zugriff am 24. März 2022},
    author = {npm Team},
    title = {{npm/node-tar: tar for node}},
    url = {https://github.com/npm/node-tar},
    year = {2022}
}
@misc{tar-manpage,
    note = {letzter Zugriff am 25. März 2022},
    author = {BSD},
    title = {{tar(5)}},
    url = {https://www.freebsd.org/cgi/man.cgi?query=tar\&apropos=0\&sektion=5\&manpath=FreeBSD+7.0-RELEASE\&arch=default\&format=html},
    year = {2004}
}
@misc{nginx,
    note = {letzter Zugriff am 24. März 2022},
    author = {nginx Team},
    title = {{nginx}},
    url = {https://nginx.org/en},
    year = {2022}
}
@misc{nginx-dockerhub,
    note = {letzter Zugriff am 25. März 2022},
    author = {nginx Team},
    title = {{Nginx - Official Image}},
    url = {https://hub.docker.com/\_/nginx},
    year = {2022}
}
@misc{nginx-proxy-server,
    note = {letzter Zugriff am 25. März 2022},
    author = {nginx Team},
    title = {{What is a Reverse Proxy Server?}},
    url = {https://www.nginx.com/resources/glossary/reverse-proxy-server/},
    year = {2022}
}
@misc{docker-aws,
    note = {letzter Zugriff am 25. März 2022},
    author = {AWS Team},
    title = {{What is Docker?}},
    url = {https://aws.amazon.com/docker/},
    year = {2022}
}
@misc{docker-container,
    note = {letzter Zugriff am 25. März 2022},
    author = {Docker Team},
    title = {{Use containers to Build, Share and Run your applications}},
    url = {https://www.docker.com/resources/what-container/},
    year = {2022}
}
@misc{docker-image,
    note = {letzter Zugriff am 25. März 2022},
    author = {Docker Team},
    title = {{Orientation and setup}},
    url = {https://docs.docker.com/get-started/},
    year = {2022}
}
@misc{docker-volumes,
    note = {letzter Zugriff am 25. März 2022},
    author = {Docker Team},
    title = {{Use volumes}},
    url = {https://docs.docker.com/storage/volumes/},
    year = {2022}
}
@misc{microservices,
    note = {letzter Zugriff am 25. März 2022},
    author = {AWS Team},
    title = {{What are Microservices?}},
    url = {https://aws.amazon.com/microservices/},
    year = {2022}
}
@misc{docker-registry,
    note = {letzter Zugriff am 25. März 2022},
    author = {Docker Team},
    title = {{About Registry}},
    url = {https://docs.docker.com/registry/introduction/},
    year = {2022}
}
@misc{docker-hub,
    note = {letzter Zugriff am 25. März 2022},
    author = {Docker Team},
    title = {{Docker Hub}},
    url = {https://www.docker.com/products/docker-hub/},
    year = {2022}
}
@misc{docker-official-images,
    note = {letzter Zugriff am 25. März 2022},
    author = {Docker Team},
    title = {{Docker Official Images}},
    url = {https://docs.docker.com/docker-hub/official\_images/},
    year = {2022}
}
@misc{docker-compose,
    note = {letzter Zugriff am 25. März 2022},
    author = {Docker Team},
    title = {{Overview of Docker Compose}},
    url = {https://docs.docker.com/compose/},
    year = {2022}
}
@misc{eslint,
    note = {letzter Zugriff am 26. März 2022},
    author = {OpenJS Foundation},
    title = {{About}},
    url = {https://eslint.org/docs/about/},
    year = {2022}
}
@misc{json,
    note = {letzter Zugriff am 26. März 2022},
    author = {JSON Team},
    title = {{Introducing JSON}},
    url = {https://www.json.org/json-en.html},
    year = {2022}
}
@misc{json-schema,
    note = {letzter Zugriff am 26. März 2022},
    author = {JSON Schema Team},
    title = {{JSON Schema}},
    url = {https://json-schema.org/},
    year = {2022}
}
@misc{docker-network,
    note = {letzter Zugriff am 26. März 2022},
    author = {Docker Team},
    title = {{Networking in Compose}},
    url = {https://docs.docker.com/compose/networking/},
    year = {2022}
}
@misc{dockerfile,
    note = {letzter Zugriff am 26. März 2022},
    author = {Docker Team},
    title = {{Best practices for writing Dockerfiles}},
    url = {https://docs.docker.com/develop/develop-images/dockerfile\_best-practices/},
    year = {2022}
}
@misc{rfc7946,
series = 	{Request for Comments},
number = 	7946,
howpublished = 	{RFC 7946},
publisher = 	{RFC Editor},
doi = 		{10.17487/RFC7946},
url = 		{https://www.rfc-editor.org/info/rfc7946},
author = 	{H. Butler and M. Daly and A. Doyle and Sean Gillies and T. Schaub and Stefan Hagen},
title = 		{{The GeoJSON Format}},
pagetotal = 	28,
year = 		2016,
month = 		aug,
abstract = 	{GeoJSON is a geospatial data interchange format based on JavaScript Object Notation (JSON). It defines several types of JSON objects and the manner in which they are combined to represent data about geographic features, their properties, and their spatial extents. GeoJSON uses a geographic coordinate reference system, World Geodetic System 1984, and units of decimal degrees.},
}
@misc{nextjs,
    note = {letzter Zugriff am 27. März 2022},
    author = {Vercel, Inc.},
    title = {{What is Next.js?}},
    url = {https://nextjs.org/learn/foundations/about-nextjs/what-is-nextjs},
    year = {2022}
}
@misc{angular-interpolation,
    note = {letzter Zugriff am 27. März 2022},
    author = {Angular Team},
    title = {{\$interpolateProvider}},
    url = {https://docs.angularjs.org/api/ng/provider/\$interpolateProvider},
    year = {2022}
}
@misc{jekyll-liquid,
    note = {letzter Zugriff am 27. März 2022},
    author = {Jekyll Team},
    title = {{Liquid}},
    url = {https://jekyllrb.com/docs/liquid/},
    year = {2022}
}
@misc{jekyll-ruby,
    note = {letzter Zugriff am 27. März 2022},
    author = {Jekyll Team},
    title = {{Installation}},
    url = {https://jekyllrb.com/docs/installation/},
    year = {2022}
}
@misc{xml,
    note = {letzter Zugriff am 28. März 2022},
    author = {Mozilla},
    title = {{XML introduction}},
    url = {https://developer.mozilla.org/en-US/docs/Web/XML/XML\_introduction},
    year = {2022}
}
@misc{xml-schema,
    note = {letzter Zugriff am 28. März 2022},
    author = {Mozilla},
    title = {{XML Schema Tutorial}},
    url = {https://www.w3schools.com/xml/schema\_intro.asp},
    year = {2022}
}
@misc{compiling-vs-transpiling,
    note = {letzter Zugriff am 4. April 2022},
    author = {Steve Fenton},
    title = {{Compiling vs Transpiling}},
    url = {https://www.stevefenton.co.uk/2012/11/compiling-vs-transpiling/},
    year = {2012}
}
@misc{java-bytecode,
    note = {letzter Zugriff am 4. April 2022},
    author = {JavaTpoint},
    title = {{Java Bytecode}},
    url = {https://www.javatpoint.com/java-bytecode},
    year = {2022}
}